<?xml version="1.0" encoding="UTF-8"?>
<record xmlns="http://www.loc.gov/MARC21/slim" xmlns:xsi="http://www.w3.org/2001/XMLSchema-instance" xsi:schemaLocation="http://www.loc.gov/MARC21/slim http://www.loc.gov/standards/marcxml/schema/MARC21slim.xsd">
<leader>     nam a2200325ua 4500</leader>
<controlfield tag="001">001681982</controlfield>
<controlfield tag="003">NNU</controlfield>
<controlfield tag="005">19950611001911.0</controlfield>
<controlfield tag="008">881207s1960    iq a     b    001 0baraod</controlfield>
<datafield tag="010" ind1=" " ind2=" ">
<subfield code="a">ne 65000591</subfield>
</datafield>
<datafield tag="035" ind1="9" ind2=" ">
<subfield code="a">NYUb12225390</subfield>
</datafield>
<datafield tag="035" ind1=" " ind2=" ">
<subfield code="a">(OCoLC)23054968</subfield>
</datafield>
<datafield tag="035" ind1=" " ind2=" ">
<subfield code="a">(CU)GLAD67382900</subfield>
</datafield>
<datafield tag="035" ind1=" " ind2=" ">
<subfield code="a">(CStRLIN)CUBGGLAD67382900-B</subfield>
</datafield>
<datafield tag="040" ind1=" " ind2=" ">
<subfield code="a">OCl</subfield>
<subfield code="c">OCl</subfield>
<subfield code="d">CU</subfield>
</datafield>
<datafield tag="041" ind1="1" ind2=" ">
<subfield code="a">araper</subfield>
<subfield code="h">per</subfield>
</datafield>
<datafield tag="050" ind1="0" ind2=" ">
<subfield code="a">PK6524</subfield>
<subfield code="b">.S35 1960</subfield>
</datafield>
<datafield tag="100" ind1="1" ind2=" ">
<subfield code="a">Ṣarrāf, Aḥmad Ḥāmid.</subfield>
</datafield>
<datafield tag="245" ind1="1" ind2="0">
<subfield code="a">ʻUmar al-Khayyām :</subfield>
<subfield code="b">al-ḥakīm al-riyāḍī al-falakī al-Nīsābūrī ; ḥayātuhu wa-sīratuh, ʻaṣruhu al-siyāsī, ʻaṣruhu al-ʻilmī, ʻulamāʼ ʻaṣrih, adabuhu wa-falsafatuh, maṣādir falsafatih, nuẓarāʼuh, rubāʻīyātuhu wa-rasāʼiluh /</subfield>
<subfield code="c">taʼlīf wa tarjamat Aḥmad Ḥāmid al-Ṣarrāf.</subfield>
</datafield>
<datafield tag="250" ind1=" " ind2=" ">
<subfield code="a">al-Ṭabʻah 2.</subfield>
</datafield>
<datafield tag="260" ind1=" " ind2=" ">
<subfield code="a">Baghdād :</subfield>
<subfield code="b">Maṭbaʻat al-Maʻārif,</subfield>
<subfield code="c">1960.</subfield>
</datafield>
<datafield tag="300" ind1=" " ind2=" ">
<subfield code="a">384 p. :</subfield>
<subfield code="b">ill. ;</subfield>
<subfield code="c">25 cm.</subfield>
</datafield>
<datafield tag="500" ind1=" " ind2=" ">
<subfield code="a">Contains the Persian text of ther Rubāʻīyāt, with the Arabic translation.</subfield>
</datafield>
<datafield tag="500" ind1=" " ind2=" ">
<subfield code="a">Added cover title: Omar Khayyam the philosopher, astronomer of Naisabur, his life, works and Rubaiyats, by Ahmad Hamid as-Sarraf.</subfield>
</datafield>
<datafield tag="504" ind1=" " ind2=" ">
<subfield code="a">Includes indexes</subfield>
</datafield>
<datafield tag="504" ind1=" " ind2=" ">
<subfield code="a">Bibliography: . 362-366.</subfield>
</datafield>
<datafield tag="600" ind1="0" ind2="0">
<subfield code="a">Omar Khayyam.</subfield>
</datafield>
<datafield tag="700" ind1="0" ind2=" ">
<subfield code="a">Omar Khayyam</subfield>
<subfield code="t">Rubāʻīyāt.</subfield>
<subfield code="l">Arabic.</subfield>
</datafield>
<datafield tag="OWN" ind1=" " ind2=" ">
<subfield code="a">GENERAL</subfield>
</datafield>
<datafield tag="950" ind1=" " ind2=" ">
<subfield code="l">BMAIN</subfield>
<subfield code="a">PK6524</subfield>
<subfield code="b">.S35 1960</subfield>
</datafield>
<datafield tag="955" ind1=" " ind2=" ">
<subfield code="l">BMAIN</subfield>
<subfield code="c">1</subfield>
<subfield code="r">001895096</subfield>
</datafield>
<datafield tag="998" ind1=" " ind2=" ">
<subfield code="s">9665</subfield>
</datafield>
<datafield tag="AVA" ind1=" " ind2=" ">
<subfield code="a">NYU50</subfield>
<subfield code="b">BOBST</subfield>
<subfield code="c">Main Collection</subfield>
<subfield code="d">PK6524 .S35 1960</subfield>
<subfield code="e">unavailable</subfield>
<subfield code="t">Unavailable</subfield>
<subfield code="f">1</subfield>
<subfield code="g">1</subfield>
<subfield code="h">N</subfield>
<subfield code="i">0</subfield>
<subfield code="j">MAIN</subfield>
<subfield code="k">0</subfield>
</datafield>
</record>
